@BOOK{book:random,
	AUTHOR = "Rajeev Motwani and Prabhakar Raghavan",
	TITLE = "Randomized Algorithms",
	PUBLISHER = "Cambridge university press",
	ADDRESS = "32 Avanue of the Americas, New York, USA",
	YEAR = "1995"
}

@article{lawler1977,
  title={A “pseudopolynomial” algorithm for sequencing jobs to minimize total tardiness},
  author={Lawler, Eugene L},
  journal={Annals of discrete Mathematics},
  volume={1},
  pages={331--342},
  year={1977},
  publisher={Elsevier}
}

@article{lawler1982,
  title={A fully polynomial approximation scheme for the total tardiness problem},
  author={Lawler, EL},
  journal={Operations Research Letters},
  volume={1},
  number={6},
  pages={207--208},
  year={1982},
  publisher={Elsevier}
}